@article{frances1997covering,
  title={On covering problems of codes},
  author={Frances, Moti and Litman, Ami},
  journal={Theory of Computing Systems},
  volume={30},
  number={2},
  pages={113--119},
  year={1997},
  publisher={Springer}
}

@article{li2002closest,
  title={On the closest string and substring problems},
  author={Li, Ming and Ma, Bin and Wang, Lusheng},
  journal={Journal of the ACM (JACM)},
  volume={49},
  number={2},
  pages={157--171},
  year={2002},
  publisher={ACM New York, NY, USA}
}
